<?xml version="1.0" encoding="UTF-8"?><collection xmlns="http://www.loc.gov/MARC21/slim"><record><leader>01322cam  2200349 a 4500</leader><controlfield tag="001">3865148</controlfield><controlfield tag="005">20151215212715.0</controlfield><controlfield tag="008">860513s1859    enkaf         00110 eng d</controlfield><datafield ind1=" " ind2=" " tag="010"><subfield code="a">   06017473 </subfield></datafield><datafield ind1=" " ind2=" " tag="035"><subfield code="a">(OCoLC)30420814</subfield></datafield><datafield ind1=" " ind2=" " tag="035"><subfield code="a">3865148</subfield></datafield><datafield ind1=" " ind2=" " tag="040"><subfield code="a">RPB</subfield><subfield code="c">RPB</subfield><subfield code="d">NIC</subfield></datafield><datafield ind1="1" ind2="0" tag="100"><subfield code="a">Darwin, Charles,</subfield><subfield code="d">1809-1882.</subfield></datafield><datafield ind1="0" ind2="0" tag="240"><subfield code="a">On the origin of species</subfield></datafield><datafield ind1="1" ind2="0" tag="245"><subfield code="a">On the origin of species by means of natural selection :</subfield><subfield code="b">or The preservation of favoured races in the struggle for life. /</subfield><subfield code="c">By Charles Darwin, ...</subfield></datafield><datafield ind1="3" ind2="0" tag="246"><subfield code="a">Origin of species</subfield></datafield><datafield ind1="1" ind2="0" tag="246"><subfield code="a">Preservation of favoured races in the struggle for life</subfield></datafield><datafield ind1=" " ind2=" " tag="250"><subfield code="a">1st ed.</subfield></datafield><datafield ind1="0" ind2=" " tag="260"><subfield code="a">London :</subfield><subfield code="b">John Murray,</subfield><subfield code="c">1859.</subfield></datafield><datafield ind1=" " ind2=" " tag="300"><subfield code="a">ix, [1], 502, 32 p., [1] folded leaf of plates :</subfield><subfield code="b">ill. ;</subfield><subfield code="c">21 cm.</subfield></datafield><datafield ind1=" " ind2=" " tag="500"><subfield code="a">First issue of first edition.</subfield></datafield><datafield ind1="4" ind2=" " tag="510"><subfield code="a">Freeman, R.B. Charles Darwin (2nd ed.),</subfield><subfield code="c">373;  Horblit, H.D.  Grolier 100 science books, 23b.</subfield></datafield><datafield ind1=" " ind2="0" tag="650"><subfield code="a">Evolution.</subfield></datafield><datafield ind1=" " ind2="0" tag="650"><subfield code="a">Natural selection.</subfield></datafield><datafield ind1=" " ind2="4" tag="650"><subfield code="a">1859</subfield></datafield><datafield ind1=" " ind2="7" tag="650"><subfield code="a">Evolution</subfield><subfield code="2">fast</subfield><subfield code="0">(OCoLC)fst00917265</subfield></datafield><datafield ind1=" " ind2="7" tag="650"><subfield code="a">Natural selection</subfield><subfield code="2">fast</subfield><subfield code="0">(OCoLC)fst01034520</subfield></datafield><datafield ind1="1" ind2=" " tag="700"><subfield code="a">Murray, John,</subfield><subfield code="d">1808-1892.</subfield><subfield code="4">pbl</subfield></datafield><datafield ind1=" " ind2=" " tag="752"><subfield code="a">England</subfield><subfield code="d">London.</subfield></datafield><datafield ind1="2" ind2=" " tag="948"><subfield code="a">20141223</subfield><subfield code="b">m</subfield><subfield code="d">batch</subfield><subfield code="e">lts</subfield><subfield code="x">addfast</subfield></datafield><datafield ind1="2" ind2=" " tag="948"><subfield code="a">20151215</subfield><subfield code="b">m</subfield><subfield code="d">batch</subfield><subfield code="e">lts</subfield><subfield code="x">WorldShare</subfield></datafield><datafield ind1=" " ind2=" " tag="950"><subfield code="a">QH365</subfield><subfield code="b">.O2 1859</subfield><subfield code="l">oclc-m</subfield></datafield></record></collection>